<record><leader>00000cas a2200000 a 4500</leader><controlfield tag="001">34010978</controlfield><controlfield tag="008">960110d18831909miuwr ne      0    0eng c</controlfield><datafield ind1=" " ind2=" " tag="010"><subfield code="a">sn 95077633 </subfield></datafield><datafield ind1=" " ind2=" " tag="040"><subfield code="a">MHN</subfield><subfield code="b">eng</subfield><subfield code="c">MHN</subfield><subfield code="d">OCL</subfield><subfield code="d">OCLCQ</subfield><subfield code="d">OCLCF</subfield><subfield code="d">DLC</subfield><subfield code="d">OCLCO</subfield></datafield><datafield ind1="1" ind2=" " tag="029"><subfield code="a">AU@</subfield><subfield code="b">000012146926</subfield></datafield><datafield ind1=" " ind2=" " tag="042"><subfield code="a">pcc</subfield></datafield><datafield ind1=" " ind2=" " tag="043"><subfield code="a">n-us-mi</subfield></datafield><datafield ind1="0" ind2="4" tag="245"><subfield code="a">The Alpena pioneer.</subfield></datafield><datafield ind1=" " ind2=" " tag="260"><subfield code="a">Alpena, Mich. :</subfield><subfield code="b">H.C. Hamill</subfield></datafield><datafield ind1=" " ind2=" " tag="300"><subfield code="a">v.</subfield></datafield><datafield ind1=" " ind2=" " tag="310"><subfield code="a">Weekly</subfield></datafield><datafield ind1="1" ind2=" " tag="362"><subfield code="a">Began in 1883? Ceased in 1909?</subfield></datafield><datafield ind1=" " ind2=" " tag="580"><subfield code="a">Merged with: Alpena argus, to form: Alpena argus-pioneer.</subfield></datafield><datafield ind1=" " ind2=" " tag="588"><subfield code="a">Description based on: Vol. 24, whole no. 1235 (Jan. 10, 1890).</subfield></datafield><datafield ind1=" " ind2="0" tag="651"><subfield code="a">Alpena (Mich.)</subfield><subfield code="v">Newspapers.</subfield></datafield><datafield ind1=" " ind2="0" tag="651"><subfield code="a">Alpena County (Mich.)</subfield><subfield code="v">Newspapers.</subfield></datafield><datafield ind1=" " ind2="7" tag="651"><subfield code="a">Michigan</subfield><subfield code="z">Alpena.</subfield><subfield code="2">fast</subfield><subfield code="0">(OCoLC)fst01217114</subfield></datafield><datafield ind1=" " ind2="7" tag="651"><subfield code="a">Michigan</subfield><subfield code="z">Alpena County.</subfield><subfield code="2">fast</subfield><subfield code="0">(OCoLC)fst01224418</subfield></datafield><datafield ind1=" " ind2="7" tag="655"><subfield code="a">Newspapers.</subfield><subfield code="2">fast</subfield><subfield code="0">(OCoLC)fst01423814</subfield></datafield><datafield ind1=" " ind2=" " tag="752"><subfield code="a">United States</subfield><subfield code="b">Michigan</subfield><subfield code="c">Alpena</subfield><subfield code="d">Alpena.</subfield></datafield><datafield ind1="0" ind2="0" tag="780"><subfield code="t">Alpena County pioneer</subfield><subfield code="w">(DLC)sn 85033550</subfield><subfield code="w">(OCoLC)12043070</subfield></datafield><datafield ind1="1" ind2="7" tag="785"><subfield code="t">Alpena argus</subfield><subfield code="x">2375-3420</subfield><subfield code="w">(DLC)sn 95077631</subfield><subfield code="w">(OCoLC)34010901</subfield></datafield><datafield ind1="1" ind2="7" tag="785"><subfield code="t">Alpena argus-pioneer</subfield><subfield code="w">(DLC)sn 95077632</subfield><subfield code="w">(OCoLC)34010867</subfield></datafield></record>